@BOOK{bellustin,
author = "Беллюстин, С. В.",
title = "Классическая электронная теория",
address = "М.",
publisher = "Высшая школа",
year = 1971,
numpages = 352,
pages = {81-87},
language = "russian"
}
 
@BOOK{arcimovich,
author = "Арцимович, Л. А. and Лукьянов, С. Ю.",
title = "Движение заряженных частиц в электрических и магнитных полях",
address = "М.",
publisher = "Наука",
year = 1972,
numpages = 224,
pages = {102-104},
language = "russian"
}

% Optional fields: volumeditor, editora, editorb, editorc, translator, annotator, commentator, introduction, foreword, afterword, subtitle, titleaddon, maintitle, mainsubtitle, maintitleaddon, language, origlanguage, volume, part, edition, volumes, series, number, note, publisher, location, isbn, chapter, pages, pagetotal, addendum, pubstate, doi, eprint, eprintclass, eprinttype, url, urldate
@book{radantscev,
	author = {Раданцев, В. Ф.},
	title = {Электронные свойства полупроводниковых наноструктур},
	year = {2008},
	address = {Екб.},
	publisher = "УрГУ",	
	numpages = 416,
	pages = {286-290},
	language = "russian"	
}

% Optional fields: volumeditor, editora, editorb, editorc, translator, annotator, commentator, introduction, foreword, afterword, subtitle, titleaddon, maintitle, mainsubtitle, maintitleaddon, language, origlanguage, volume, part, edition, volumes, series, number, note, publisher, location, isbn, chapter, pages, pagetotal, addendum, pubstate, doi, eprint, eprintclass, eprinttype, url, urldate
@book{andreev,
	author = {Андреев, В. А.},
	title = {Электричество, магнетизм, колебания и волны: учебное пособие для выполнения лабораторных работ},
	year = {2013},
	pages = {87-88},
	address = {Чебоксары},
	publisher = "ЧПИ МГОУ",	
	numpages = 416,	
}
